%
%  Vzor bibliografické databáze pro automatickou tvorbu seznamu referencí
%  pomocí BibTeXu
%
%  Doporučený software pro správu databáze literatury formátu *.bib:
%    JabRef, http://jabref.sourceforge.net/
%
%  POZOR:
%
%    *  Písmena v názvech publikací, jež je třeba tisknout vždy velká, se musejí psát
%       do složených závorek ({T}hailand, {HIV})
%
%  ===========================================================================

@misc{dataLecture,
  author        = {Martin Mareš},
  title         = {Lecture notes on data structures},
  howpublished = "\url{http://mj.ucw.cz/vyuka/dsnotes/}",
  month         = {february},
  year          = {2020},
  note = "[Online; accessed 1-January-2021]"
}


 @misc{snapnets,
  author       = {Jure Leskovec and Andrej Krevl},
  title        = {{SNAP Datasets}: {Stanford} Large Network Dataset Collection},
  howpublished = {\url{http://snap.stanford.edu/data}},
  month        = jun,
  year         = 2014
}

@misc{hpcsharp,
  author = {Victor J. Duvanenko},
  title = {HPCsharp},
  year = {2018},
  publisher = {GitHub},
  journal = {GitHub repository},
  howpublished = {\url{https://github.com/DragonSpit/HPCsharp}},
  commit = {86927fac19fdf279c0e69d81054c33b1ae3f5e81}
}


@book{dragoonBook,
  title = {Compilers: Principles, Techniques, and Tools (2nd Edition)},
  author = {Aho, Alfred V. and Lam, Monica S. and Sethi, Ravi and Ullman, Jeffrey D.},
  howpublished = {Hardcover},
  isbn = {0321486811},
  month = {August},
  year = {2006},
  publisher = {Addison-Wesley}
}

@book{patterns,
  author = {Gamma, Erich and Helm, Richard and Johnson, Ralph and Vlissides, John M.},
  edition = 1,
  isbn = {0201633612},
  publisher = {Addison-Wesley Professional},
  title = {Design Patterns: Elements of Reusable Object-Oriented Software},
  year = 1994
}
